
@article{bernoulli_neuer_1933,
	title = {Ein neuer {Plan} für die {Altstadt} von {Basel}},
	url = {https://www.e-periodica.ch/digbib/view?pid=wbw-002:1933:20::1775},
	doi = {10.5169/SEALS-86439},
	urldate = {2023-12-03},
	author = {Bernoulli, Hans and Schuhmacher, A.},
	month = nov,
	year = {1933},
	note = {Medium: text/html,application/pdf,text/html
Publisher: Bund Schweizer Architekten},
}

@book{brandenberger_baumgartnerhauser_2023,
	title = {Die {Baumgartnerhäuser}: {Basel} 1926-1938},
	isbn = {978-3-0356-2694-0},
	shorttitle = {Die {Baumgartnerhäuser}},
	url = {https://www.degruyter.com/document/doi/10.1515/9783035626940/html},
	urldate = {2024-01-16},
	publisher = {De Gruyter},
	editor = {Brandenberger, Rebekka and Zophoniasson, Ulrike and Zünd, Marco},
	month = jan,
	year = {2023},
	doi = {10.1515/9783035626940},
}

@incollection{brunner_bauliche_1999,
	address = {Basel},
	title = {Die bauliche {Entwicklung} der {Stadt} {Basel}},
	booktitle = {Die {Basler} {Strassennamen}},
	publisher = {Christoph Merian Verlag},
	author = {Brunner, Mirjam},
	editor = {Salvisberg, André},
	year = {1999},
	pages = {31--65},
}

@book{burckhardt_achtung_2019,
	address = {Berlin},
	edition = {1. Auflage},
	title = {Achtung: die {Schweiz} - {Der} {Urtext} von {Lucius} {Burckhardt} über die {Idee} einer neuen {Stadt}: {Die} {Geschichte} eines {Buches} von {Lucius} {Burckhardt}, {Max} {Frisch} \& {Markus} {Kutter}},
	isbn = {978-3-927795-77-8},
	shorttitle = {Achtung},
	language = {ger},
	publisher = {Martin Schmitz Verlag},
	author = {Burckhardt, Lucius and Frisch, Max and Kutter, Markus},
	editor = {Ritter, Markus and Schmitz, Martin},
	year = {2019},
}

@incollection{corboz_territorium_2001,
	title = {Das {Territorium} als {Palimpsest}},
	isbn = {978-3-7643-6342-0},
	url = {https://www.degruyter.com/document/doi/10.1515/9783035602654.143/html},
	urldate = {2023-12-03},
	booktitle = {Die {Kunst}, {Stadt} und {Land} zum {Sprechen} zu bringen},
	publisher = {DE GRUYTER},
	author = {Corboz, André},
	month = dec,
	year = {2001},
	doi = {10.1515/9783035602654.143},
	pages = {143--166},
}

@incollection{corboz_geschichte_2001,
	title = {Die {Geschichte} des {Städtebaus} als {Bedeutungsforschung}},
	isbn = {978-3-7643-6342-0},
	url = {https://www.degruyter.com/document/doi/10.1515/9783035602654.55/html},
	urldate = {2023-12-03},
	booktitle = {Die {Kunst}, {Stadt} und {Land} zum {Sprechen} zu bringen},
	publisher = {DE GRUYTER},
	author = {Corboz, André},
	month = dec,
	year = {2001},
	doi = {10.1515/9783035602654.55},
	pages = {55--64},
}

@book{eisinger_stadte_2004,
	address = {Zürich},
	title = {Städte bauen: {Städtebau} und {Stadtentwicklung} in der {Schweiz} 1940-1970},
	isbn = {978-3-85676-148-6},
	shorttitle = {Städte bauen},
	language = {ger},
	publisher = {gta Verlag},
	author = {Eisinger, Angelus},
	year = {2004},
}

@book{eisinger_stadt_2005,
	address = {Gütersloh/Berlin},
	series = {Bauwelt {Fundamente}},
	title = {Die {Stadt} der {Architekten}: {Anatomie} einer {Selbstdemontage}},
	isbn = {978-3-7643-7064-0},
	shorttitle = {Die {Stadt} der {Architekten}},
	url = {https://doi.org/10.1515/9783764376758},
	language = {ger},
	number = {131},
	publisher = {Bauverlag},
	author = {Eisinger, Angelus},
	year = {2005},
}

@incollection{eisinger_zeitgemasse_2016,
	address = {Zürich},
	title = {Zeitgemässe {Anachronismen}: die stadtplanerischen {Schriften} von {Lucius} {Burckhardt}, {Markus} {Kutter} und {Max} {Frisch} unter aktuellen {Vorzeichen} gesichtet},
	isbn = {978-3-03863-018-0},
	booktitle = {Achtung: die {Schriften}: {Wir} selber bauen unsre {Stadt}, {Achtung}: die {Schweiz}, {Die} neue {Stadt}},
	publisher = {Triest},
	author = {Eisinger, Angelus and Geiser, Reto},
	collaborator = {Burckhardt, Lucius and Frisch, Max and Kutter, Markus},
	year = {2016},
	pages = {13--24},
}

@book{es_atlas_2014,
	address = {Bussum, the Netherlands},
	title = {Atlas of the functional city: {CIAM} 4 and comparative urban analysis},
	isbn = {978-90-6868-648-7 978-3-85676-338-1},
	shorttitle = {Atlas of the functional city},
	abstract = {"The legendary fourth CIAM congress took place aboard a ship on the Mediterranean Sea in 1933. Led by Le Corbusier, Cornelis van Eesteren and Sigfried Giedion and themed 'The Functional City', it is considered to be a pinnacle of urbanism. Participants analysed 34 cities on the basis of maps specially produced for the congress, and the results were shown at an exhibition in Amsterdam's Stedelijk Museum in 1935. Plans for a publication were interrupted by the war, and the material has until now remained unpublished. This systematic overview of the CIAM 4 city maps offers new perspectives at a crucial moment for urbanism today"--Back cover},
	publisher = {THOTH Publishers},
	editor = {Es, Evelien van and Chapel, Enrico},
	year = {2014},
	note = {Meeting Name: International Congresses for Modern Architecture
OCLC: ocn897791335},
	keywords = {City planning, History, Architecture, Case studies Congresses, Charte d'Athènes, Congresses, Influence, International Congresses for Modern Architecture, Le Corbusier, Sources},
}

@book{fingerhuth_bauten_1988,
	address = {Basel},
	title = {Bauten für {Basel}: 1979 - 1987},
	isbn = {978-3-85977-095-9},
	shorttitle = {Bauten für {Basel}},
	language = {ger},
	publisher = {Wepf},
	editor = {Fingerhuth, Carl and Basel-Stadt},
	year = {1988},
}

@book{gerber_morphologie_2021,
	address = {Berlin},
	title = {Morphologie von {Stadtlandschaften}: {Geschichte}, {Analyse}, {Entwurf}},
	isbn = {978-3-496-01647-2},
	shorttitle = {Morphologie von {Stadtlandschaften}},
	language = {ger},
	publisher = {Reimer},
	editor = {Gerber, Andri and Iseli, Regula and Kurath, Stefan and Primas, Urs},
	year = {2021},
}

@book{gregory_routledge_2018,
	address = {Milton Park, Abingdon, Oxon; New York, NY: Routledge, 2018.},
	edition = {1},
	title = {The {Routledge} {Companion} to {Spatial} {History}},
	isbn = {978-1-315-09978-1},
	url = {https://www.taylorfrancis.com/books/9781351584142},
	language = {en},
	urldate = {2024-02-05},
	publisher = {Routledge},
	editor = {Gregory, Ian and DeBats, Don and Lafreniere, Don},
	month = jan,
	year = {2018},
	doi = {10.4324/9781315099781},
}

@incollection{hagmann_kleinbasels_2022,
	address = {Basel},
	title = {Kleinbasels {Rückgrat}: {Die} {Clarastrasse} und ihre {Umgebung}},
	shorttitle = {Kleinbasels {Rückgrat}},
	language = {ger},
	booktitle = {Basel ungebaut},
	publisher = {Christoph Merian Verlag},
	author = {Hagmann, Daniel and Richter, Tilo},
	editor = {Richter, Tilo and Christoph Merian Stiftung},
	year = {2022},
	note = {Book Title: Metamorphosen und Visionen Pläne und Projekte für den Marktplatz},
	pages = {113--128},
}

@book{huber_architekturfuhrer_2014,
	address = {Basel},
	edition = {überarb. Aufl. von 1993},
	series = {Eine {Publikation} der {Christoph} {Merian} {Stiftung}},
	title = {Architekturführer {Basel}: die {Baugeschichte} der {Stadt} und ihrer {Umgebung}},
	isbn = {978-3-85616-613-7},
	shorttitle = {Architekturführer {Basel}},
	language = {ger},
	publisher = {Christoph-Merian-Verlag},
	author = {Huber, Dorothee},
	collaborator = {Christoph Merian Stiftung and S AM Schweizerisches Architekturmuseum},
	year = {2014},
}

@incollection{kreis_goldene_2000,
	address = {Basel},
	title = {Goldene {Jahre} mit irritierenden {Erfahrungen}},
	booktitle = {Basel – {Geschichte} einer städtischen {Gesellschaft}},
	publisher = {Christoph Merian Verlag},
	author = {Kreis, Georg},
	collaborator = {Kreis, Georg and von Wartburg, Beat},
	year = {2000},
	pages = {268--312},
}

@incollection{lenherr_fortwahrendes_nodate,
	address = {Basel},
	title = {Fortwährendes {Seilziehen}: {Die} {Heuwaage} als neuralgischer {Stadtort}},
	url = {https://basel.swisscovery.org/discovery/fulldisplay?docid=alma9972606264305504&context=L&vid=41SLSP_UBS:live&lang=de&search_scope=UBS&adaptor=Local%20Search%20Engine&tab=UBS&query=any,contains,lenherr%20heuwaage&offset=0},
	urldate = {2024-01-23},
	booktitle = {Basel ungebaut},
	publisher = {Christoph Merian Verlag},
	author = {Lenherr, Barbara},
	editor = {Richter, Tilo and {Christoph Merian Stiftung}},
	pages = {85--100},
}

@book{malfroy_morphologische_2018,
	address = {Zürich},
	edition = {Zweite Auflage},
	title = {Die morphologische {Betrachtungsweise} von {Stadt} und {Territorium}},
	isbn = {978-3-03863-037-1},
	language = {ger},
	publisher = {Triest Verlag},
	author = {Malfroy, Sylvain and Caniggia, Gianfranco},
	collaborator = {Zürcher Hochschule für Angewandte Wissenschaften},
	year = {2018},
}

@incollection{mohle_profanes_2016,
	address = {Basel},
	title = {Profanes im {Herzen} der {Stadt}},
	booktitle = {Kantonale {Denkmalpflege} {Basel}-{Stadt}: {Jahresbericht} 2016},
	publisher = {Bau- und Verkehrsdepartement des Kantons Basel-Stadt},
	author = {Möhle, Martin},
	year = {2016},
	pages = {102--105},
}

@article{redaktion_der_schweizerischen_bauzeitung_kampf_1949,
	title = {Der {Kampf} um den {Korrektionsplan} für {Grossbasel}},
	url = {https://www.e-periodica.ch/digbib/view?pid=sbz-002:1949:67::667},
	doi = {10.5169/SEALS-84161},
	urldate = {2023-12-03},
	author = {{Redaktion der Schweizerischen Bauzeitung} and Bernoulli, Hans},
	month = dec,
	year = {1949},
	note = {Medium: text/html,application/pdf,text/html
Publisher: W. Jegher \& A. Ostertag},
}

@book{russi_basler_2022,
	address = {Basel},
	title = {Basler {Plätze}: {Visitenkarten} der {Stadt}},
	isbn = {978-3-7245-2497-7},
	language = {ger},
	publisher = {Friedrich Reinhardt Verlag},
	author = {Russi, Ariane},
	year = {2022},
	note = {OCLC: 1398661326},
}

@book{salvisberg_basler_1999,
	address = {Basel},
	title = {Die {Basler} {Strassennamen}},
	isbn = {978-3-85616-104-0},
	language = {ger},
	publisher = {Christoph-Merian-Verl},
	editor = {Salvisberg, André},
	year = {1999},
}

@book{salvisberg_historischer_2010,
	address = {Basel},
	title = {Historischer {Atlas} der {Region} {Basel}: {Geschichte} der {Grenzen}},
	isbn = {978-3-85616-508-6},
	shorttitle = {Historischer {Atlas} der {Region} {Basel}},
	language = {ger},
	publisher = {Christoph Merian Verlag},
	author = {Salvisberg, André},
	collaborator = {Christoph Merian-Stiftung},
	year = {2010},
}

@article{schneider-sliwa_strategien_1998,
	title = {Strategien gegen den drohenden {Niedergang} der {Stadt} : ein {Streitgespräch} zwischen dem {Basler} {Kantonsbaumeister} {Fritz} {Schumacher} und der {Geographieprofessorin} {Rita} {Schneider}-{Sliwa}},
	shorttitle = {Strategien gegen den drohenden {Niedergang} der {Stadt}},
	url = {https://edoc.unibas.ch/34707/},
	doi = {10.5451/UNIBAS-EP34707},
	urldate = {2024-01-17},
	author = {Schneider-Sliwa, Rita and Zophoniasson-Baierl, Ulrike and Schumacher, Fritz},
	year = {1998},
	note = {Publisher: Basler Zeitung Medien},
}

@book{schnell_architekturkrise_2013,
	address = {Baden},
	title = {Die {Architekturkrise} der 1970er-{Jahre}: zur {Jahresausstellung} {Architektur} der {Berner} {Hochschule} für {Architektur}, {Holz} und {Bau} im {Frühling} 2013},
	isbn = {978-3-03919-284-7},
	shorttitle = {Die {Architekturkrise} der 1970er-{Jahre}},
	language = {ger},
	publisher = {Hier + Jetzt, Verl. für Kultur und Geschichte},
	editor = {Schnell, Dieter and Berner Fachhochschule},
	year = {2013},
	note = {Meeting Name: Jahresausstellung Architektur},
}

@article{schuhmacher_basler_1933,
	title = {Der {Basler} {Korrektionsplan}},
	volume = {20},
	url = {https://www.e-periodica.ch/digbib/view?pid=wbw-002:1933:20::1773},
	doi = {10.5169/SEALS-86438},
	number = {11},
	urldate = {2023-12-03},
	journal = {Das Werk: Architektur und Kunst},
	author = {Schuhmacher, A.},
	month = nov,
	year = {1933},
	note = {Medium: text/html,application/pdf,text/html
Publisher: Bund Schweizer Architekten},
	pages = {345--350},
}

@incollection{schulz-rehberg_metamorphosen_2022,
	address = {Basel},
	title = {Metamorphosen und {Visionen}: {Pläne} und {Projekte} für den {Marktplatz}},
	shorttitle = {Metamorphosen und {Visionen}},
	language = {ger},
	booktitle = {Basel ungebaut},
	publisher = {Christoph Merian Verlag},
	author = {Schulz-Rehberg, Rose Marie},
	editor = {Richter, Tilo and {Christoph Merian Stiftung}},
	year = {2022},
	note = {Book Title: Metamorphosen und Visionen Pläne und Projekte für den Marktplatz},
	pages = {23--41},
}

@book{suter_von_1991,
	address = {Basel},
	series = {Editiones {Roches}},
	title = {Von der alten zur neuen {Aeschenvorstadt}},
	isbn = {978-3-907946-40-4},
	language = {ger},
	publisher = {F. Hoffmann-LaRoche AG},
	author = {Suter, Rudolf},
	editor = {{F. Hoffmann-La Roche AG}},
	year = {1991},
}

@incollection{vinken_neuen_2005,
	address = {Zürich},
	title = {Die neuen {Ränder} der alten {Stadt}. {Modernisierung} und ‹{Altstadt}-{Konstruktion}› im gründerzeitlichen {Basel}},
	isbn = {3-85676-160-8},
	booktitle = {Stadtformen. {Die} {Architektur} der {Stadt} zwischen {Imagination} und {Konstruktion}},
	publisher = {gta Verlag},
	author = {Vinken, Gerhard},
	editor = {Lampugnani, Vittorio Magnago and Noell, Matthias},
	year = {2005},
	pages = {130--141},
}

@article{wittwer_ludwig_1987,
	title = {Ludwig {Marings} ‹{Generalplan} der {Stadt} {Basel}› von 1857},
	volume = {1987},
	url = {https://www.baslerstadtbuch.ch/.download/stadtbuch/aa331a19-6ec0-4db6-a68d-29f7a188b00f},
	journal = {Basler Stadtbuch},
	author = {Wittwer, Hans-Jakob},
	year = {1987},
	pages = {159--164},
}

@incollection{zaugg_stadtentwicklung_2010,
	address = {Basel},
	title = {Stadtentwicklung {Basels} seit 1860},
	booktitle = {Historischer {Atlas} der {Region} {Basel}: {Geschichte} der {Grenzen}},
	publisher = {Christoph Merian Verlag},
	author = {Zaugg, Roland},
	editor = {Salvisberg, André},
	year = {2010},
	pages = {160--161},
}

@book{stoecklin_verschwundenes_2018,
	address = {Basel},
	edition = {2. Auflage},
	title = {Verschwundenes {Basel}: historische {Amateuraufnahmen} von verschwundenen {Gebäuden} und {Anlagen} der {Stadt} {Basel} zwischen 1950-1970},
	isbn = {978-3-033-07019-6},
	shorttitle = {Verschwundenes {Basel}},
	language = {ger},
	publisher = {VB-Verlag},
	collaborator = {Stoecklin, Lukas M.},
	year = {2018},
	note = {OCLC: 1126549026},
}

@incollection{wullschleger_heuwaage-viadukt_1965,
	address = {Basel},
	title = {Der {Heuwaage}-{Viadukt} – eine gute städtebauliche {Lösung}},
	volume = {1965},
	url = {http://www.baslerstadtbuch.ch/stadtbuch/1965/1965_1193.html},
	urldate = {2024-04-25},
	booktitle = {Basler {Stadtbuch}},
	publisher = {Christoph Merian Stiftung},
	author = {Wullschleger, Max},
	year = {1965},
	pages = {227--230},
}

@incollection{schachenmann_altstadtsanierung_1973,
	address = {Basel},
	series = {Basler {Stadtbuch}},
	title = {Altstadtsanierung und {Cityring}},
	volume = {1973},
	url = {https://www.baslerstadtbuch.ch/.permalink/stadtbuch/9fe10c2c-8b1b-46fa-b4fa-2a18144dcf2c},
	urldate = {2024-06-03},
	publisher = {Christoph Merian Verlag},
	author = {Schachenmann, Felix},
	year = {1973},
	pages = {49--58},
}

@article{wieland_platz_2022,
	address = {Basel},
	title = {Der {Platz}, der keiner ist – oder: {Holbein} wurde übel},
	url = {https://www.bzbasel.ch/basel/basel-stadt/basler-plaetze-der-platz-der-keiner-ist-oder-holbein-wuerde-uebel-ld.2392987},
	language = {de-CH},
	urldate = {2024-06-03},
	journal = {bz},
	author = {Wieland, Benjamin},
	month = jan,
	year = {2022},
}

@book{hoflinger_altes_1954,
	address = {Basel},
	title = {Altes {Basel} und {Neues} {Basel}},
	language = {de-CH},
	publisher = {Verlag Athena},
	author = {Höflinger, Jakob},
	year = {1954},
}

@misc{buchdruckerei_vsk_basel_1949,
	title = {Basel wächst, {Korrektionsplan} {Ja}},
	url = {https://www.recherche-plakatsammlungbasel.ch/objects/35580},
	abstract = {Plakat zur kant. Abstimmung BS, 11. Dez. 1949. Linolschnitt},
	urldate = {2024-05-15},
	author = {{Buchdruckerei VSK}},
	year = {1949},
}

@incollection{kaufmann_lebendige_1954,
	address = {Basel},
	title = {Die lebendige {Stadt}},
	language = {de-ch},
	booktitle = {Altes {Basel} und {Neues} {Basel}},
	publisher = {Verlag Athena},
	author = {Kaufmann, Rudolf},
	collaborator = {Höflinger, Jakob},
	year = {1954},
	pages = {9--15},
}

@article{mohle_stadtplananalyse_2018,
	title = {Stadtplananalyse : eine historisch-methodische {Einführung}},
	shorttitle = {Stadtplananalyse},
	url = {https://www.e-periodica.ch/digbib/view?pid=zak-003:2018:75::233},
	doi = {10.5169/SEALS-787417},
	urldate = {2023-12-15},
	author = {Möhle, Martin},
	year = {2018},
	note = {Medium: text/html,application/pdf,text/html
Publisher: Schweizerisches Nationalmuseum},
}

@misc{regierungsrat_des_kantons_basel-stadt_ratschlag_1933,
	title = {Ratschlag betreffend die {Festsetzung} eines allgemeinen {Korrektionsplanes} für die innere {Stadt}},
	shorttitle = {Ratschlag 3370},
	url = {https://dls.staatsarchiv.bs.ch/records/1383250/},
	language = {de-CH},
	author = {{Regierungsrat des Kantons Basel-Stadt}},
	month = aug,
	year = {1933},
}

@book{vinken_zones_2021,
	address = {Bielefeld, Germany},
	edition = {1},
	series = {Urban {Studies}},
	title = {Zones of {Tradition} - {Places} of {Identity}: {Cities} and {Their} {Heritage}},
	copyright = {https://creativecommons.org/licenses/by/4.0/},
	isbn = {978-3-8376-5446-2 978-3-8394-5446-6},
	shorttitle = {Zones of {Tradition} - {Places} of {Identity}},
	url = {https://www.transcript-open.de/isbn/5446},
	abstract = {What is the heritage of our cities? Which are the monuments, places, and spaces in which it accumulates, and by which practices is it formed, handed down, appropriated? Gerhard Vinken takes the readers to twelve cities on three continents and analyses the diverse and contradictory heritage formations that have had a lasting impact on urban life. The vitality of urban heritage, as these vivid and in-depth case studies show, lies in the dynamic and often conflictual processes of social appropriation and interpretation. Covering a diverse range of themes, the book familiarizes the reader with important questions and theories in urban research and heritage studies.},
	language = {en},
	urldate = {2024-06-23},
	publisher = {transcript Verlag},
	author = {Vinken, Gerhard},
	month = oct,
	year = {2021},
	doi = {10.14361/9783839454466},
}


@techreport{statistisches_amt_des_kantons_basel-stadt_statistisches_1951,
	address = {Basel},
	type = {Jahrbuch},
	title = {Statistisches {Jahrbuch} des {Kantons} {Basel}-{Stadt} 1950},
	shorttitle = {Statistisches {Jahrbuch} 1950},
	language = {de-CH},
	number = {1950},
	institution = {Statistisches Amt des Kantons Basel-Stadt},
	author = {{Statistisches Amt des Kantons Basel-Stadt}},
	year = {1951},
}

@techreport{statistisches_amt_des_kantons_basel-stadt_statistisches_1961,
	address = {Basel},
	type = {Jahrbuch},
	title = {Statistisches {Jahrbuch} des {Kantons} {Basel}-{Stadt} 1960},
	shorttitle = {Statistisches {Jahrbuch} 1960},
	language = {de-CH},
	number = {1961},
	institution = {Statistisches Amt des Kantons Basel-Stadt},
	author = {{Statistisches Amt des Kantons Basel-Stadt}},
	year = {1961},
}


@misc{friedli_basel_1966,
	title = {Basel, {Rathaus}},
	url = {https://ba.e-pics.ethz.ch/catalog/ETHBIB.Bildarchiv/r/539270},
	language = {de},
	urldate = {2024-06-23},
	author = {Friedli, Werner},
	year = {1966},
	doi = {10.3932/ETHZ-A-000368061},
	note = {Publisher: ETH-Bibliothek Zürich, Bildarchiv/Stiftung Luftbild Schweiz},
}

@misc{regierungsrat_des_kantons_basel-stadt_beschluss_1960,
	title = {Beschluss des {Regierungsrates} betreffend die {Festsetzung} von endgültigen {Strassenlinien} und inneren {Baulinien} für die {Hammerstrasse}},
	url = {https://oereblex.bs.ch/api/attachments/8019},
	language = {de-CH},
	urldate = {2024-06-24},
	author = {{Regierungsrat des Kantons Basel-Stadt}},
	month = jun,
	year = {1960},
	pages = {3},
}

@misc{regierungsrat_des_kantons_basel-stadt_baulinienplan_1960,
	title = {Baulinienplan 4977},
	url = {https://oereblex.bs.ch/api/attachments/8018},
	language = {de-CH},
	author = {{Regierungsrat des Kantons Basel-Stadt}},
	month = jun,
	year = {1960},
}

@misc{grosser_rat_des_kantons_basel-stadt_bericht_1949,
	title = {Bericht der {Grossratskommission} für den {Grossbasler} {Korrektionsplan} zum {Ratschlag} 4224 betreffend die {Festsetzung} eines allgemeinen {Korrektionsplanes} für das {Grossbasel}},
	shorttitle = {Bericht zu {Ratschlag} 4224},
	url = {https://dls.staatsarchiv.bs.ch/records/1384412},
	language = {de-CH},
	author = {{Grosser Rat des Kantons Basel-Stadt}},
	month = jul,
	year = {1949},
}

@misc{grosser_rat_des_kantons_basel-stadt_ratschlag_1933,
	title = {Ratschlag betreffend die {Festsetzung} eines allgemeinen {Korrektionsplanes} für die innere {Stadt}},
	shorttitle = {Ratschlag 3370},
	url = {https://dls.staatsarchiv.bs.ch/records/1383250},
	language = {de-CH},
	author = {{Grosser Rat des Kantons Basel-Stadt}},
	month = aug,
	year = {1933},
}


@misc{regierungsrat_des_kantons_basel-stadt_ratschlag_1933,
	title = {Ratschlag betreffend die {Festsetzung} eines allgemeinen {Korrektionsplanes} für die innere {Stadt}},
	shorttitle = {Ratschlag 3370},
	url = {https://dls.staatsarchiv.bs.ch/records/1383250/},
	language = {de-CH},
	author = {{Regierungsrat des Kantons Basel-Stadt}},
	month = aug,
	year = {1933},
}

@misc{regierungsrat_des_kantons_basel-stadt_ratschlag_1939,
	title = {Ratschlag betreffend die {Festsetzung} von zwei {Zonenplänen} für das {Gebiet} des {Kantons} {Basel}-{Stadt}},
	shorttitle = {Ratschlag 3769},
	url = {https://dls.staatsarchiv.bs.ch/records/1383649},
	language = {de-CH},
	author = {{Regierungsrat des Kantons Basel-Stadt}},
	month = apr,
	year = {1939},
}

@misc{regierungsrat_des_kantons_basel-stadt_ratschlag_1945,
	title = {Ratschlag betreffend die {Festsetzung} eines allgemeinen {Korrektionsplanes} für das {Kleinbasel}},
	shorttitle = {Ratschlag 4172},
	url = {https://dls.staatsarchiv.bs.ch/records/1384053},
	language = {de-CH},
	author = {{Regierungsrat des Kantons Basel-Stadt}},
	month = oct,
	year = {1945},
}

@book{meier_basel_1993,
	address = {Basel},
	title = {Basel einst und jetzt},
	language = {de-CH},
	publisher = {Buchverlag Basler Zeitung},
	author = {Meier, Eugen A.},
	year = {1993},
}
